<collection xmlns="http://www.loc.gov/MARC21/slim">
<record>
  <leader>02671nam0a22004451i 450 </leader>
  <controlfield tag="001">IT\ICCU\CNCE\029204</controlfield>
  <controlfield tag="005">20070118000000.0</controlfield>
  <datafield tag="012" ind1=" " ind2=" ">
    <subfield code="a">sina ase- i-i- caca (3) 1560 (R)</subfield>
    <subfield code="2">fei</subfield>
  </datafield>
  <datafield tag="100" ind1=" " ind2=" ">
    <subfield code="a">19971118d1560        0itac0103    ba</subfield>
  </datafield>
  <datafield tag="101" ind1=" " ind2=" ">
    <subfield code="a">LAT</subfield>
  </datafield>
  <datafield tag="102" ind1=" " ind2=" ">
    <subfield code="a">IT</subfield>
  </datafield>
  <datafield tag="200" ind1="1" ind2=" ">
    <subfield code="a">℗Ant. Mariae Venusti ℗Epistola, qua viuus; et oratio, qua mortuus laudatur Augustinus Montalcinus, Eremitani ordinis theologus et orator. In quibus ad imitandum lectorib. exemplar sacerdotis atque oratoris boni proponitur</subfield>
  </datafield>
  <datafield tag="210" ind1=" " ind2=" ">
    <subfield code="a">Mediolani</subfield>
    <subfield code="c">apud Antonium Antonianum</subfield>
    <subfield code="d">1560</subfield>
    <subfield code="e">Mediolani</subfield>
    <subfield code="g">\Giovanni Antonio degli Antoni il vecchio!</subfield>
    <subfield code="g">apud fratres Metios</subfield>
    <subfield code="h">1560</subfield>
  </datafield>
  <datafield tag="215" ind1=" " ind2=" ">
    <subfield code="a">52 c.</subfield>
    <subfield code="d">8ʻ</subfield>
  </datafield>
  <datafield tag="620" ind1=" " ind2=" ">
    <subfield code="a">IT</subfield>
    <subfield code="d">Milano</subfield>
  </datafield>
  <datafield tag="700" ind1=" " ind2="1">
    <subfield code="a">Venusti,</subfield>
    <subfield code="b">Antonio Maria</subfield>
    <subfield code="3">IT\ICCU\CNCA\003807</subfield>
  </datafield>
  <datafield tag="712" ind1="0" ind2="0">
    <subfield code="a">Antoni, Giovanni Antonio degli</subfield>
    <subfield code="c"> &lt;1.&gt;</subfield>
    <subfield code="3">IT\ICCU\CNCT\000038</subfield>
    <subfield code="4">650</subfield>
  </datafield>
  <datafield tag="712" ind1="0" ind2="0">
    <subfield code="a">Meda, Valerio &amp; fratelli</subfield>
    <subfield code="3">IT\ICCU\CNCT\000443</subfield>
    <subfield code="4">650</subfield>
  </datafield>
  <datafield tag="790" ind1=" " ind2="1">
    <subfield code="a">Venosta,</subfield>
    <subfield code="b">Antonio Maria</subfield>
    <subfield code="3">IT\ICCU\CNCA\015013</subfield>
    <subfield code="z">Venusti, Antonio Maria</subfield>
  </datafield>
  <datafield tag="790" ind1=" " ind2="1">
    <subfield code="a">Venustus,</subfield>
    <subfield code="b">Antonius Maria</subfield>
    <subfield code="3">IT\ICCU\CNCA\024589</subfield>
    <subfield code="z">Venusti, Antonio Maria</subfield>
  </datafield>
  <datafield tag="791" ind1="0" ind2="0">
    <subfield code="a">Antoni, Antonio</subfield>
    <subfield code="c"> &lt;1.&gt;</subfield>
    <subfield code="3">IT\ICCU\CNCT\002834</subfield>
    <subfield code="z">Antoni, Giovanni Antonio degli &lt;1.&gt;</subfield>
  </datafield>
  <datafield tag="791" ind1="0" ind2="0">
    <subfield code="a">Antonianus, Antonius</subfield>
    <subfield code="c"> &lt;1&gt;</subfield>
    <subfield code="3">IT\ICCU\CNCT\004248</subfield>
    <subfield code="z">Antoni, Giovanni Antonio degli &lt;1.&gt;</subfield>
  </datafield>
  <datafield tag="791" ind1="0" ind2="0">
    <subfield code="a">Antoniis, Antonius de</subfield>
    <subfield code="c"> &lt;1&gt;</subfield>
    <subfield code="3">IT\ICCU\CNCT\004249</subfield>
    <subfield code="z">Antoni, Giovanni Antonio degli &lt;1.&gt;</subfield>
  </datafield>
  <datafield tag="791" ind1="0" ind2="0">
    <subfield code="a">Antonii, Antonio degli</subfield>
    <subfield code="c"> &lt;1&gt;</subfield>
    <subfield code="3">IT\ICCU\CNCT\005186</subfield>
    <subfield code="z">Antoni, Giovanni Antonio degli &lt;1.&gt;</subfield>
  </datafield>
  <datafield tag="801" ind1=" " ind2="3">
    <subfield code="a">IT</subfield>
    <subfield code="b">ICCU</subfield>
    <subfield code="c">20201114</subfield>
  </datafield>
  <datafield tag="899" ind1=" " ind2=" ">
    <subfield code="a">Biblioteca civica A. Mai. Bergamo</subfield>
    <subfield code="1">BG0026</subfield>
    <subfield code="2">LO1 02</subfield>
  </datafield>
  <datafield tag="899" ind1=" " ind2=" ">
    <subfield code="a">Biblioteca universitaria. Bologna</subfield>
    <subfield code="1">BO0098</subfield>
    <subfield code="2">UBO BU</subfield>
  </datafield>
  <datafield tag="899" ind1=" " ind2=" ">
    <subfield code="a">Biblioteca Apostolica Vaticana. Citt ̉del Vaticano</subfield>
    <subfield code="1">EX0001</subfield>
    <subfield code="2">ZCV 01</subfield>
  </datafield>
  <datafield tag="899" ind1=" " ind2=" ">
    <subfield code="a">Archivio storico civico e Biblioteca Trivulziana. Milano</subfield>
    <subfield code="1">MI0327</subfield>
    <subfield code="2">LO1 13</subfield>
  </datafield>
  <datafield tag="899" ind1=" " ind2=" ">
    <subfield code="a">Biblioteca universitaria. Pavia</subfield>
    <subfield code="z">MUTILO</subfield>
    <subfield code="1">PV0291</subfield>
    <subfield code="2">MIL UP</subfield>
  </datafield>
  <datafield tag="899" ind1=" " ind2=" ">
    <subfield code="a">Biblioteca nazionale centrale. Roma</subfield>
    <subfield code="1">RM0267</subfield>
    <subfield code="2">BVE CR</subfield>
  </datafield>
  <datafield tag="899" ind1=" " ind2=" ">
    <subfield code="a">Biblioteca Angelica. Roma</subfield>
    <subfield code="1">RM0290</subfield>
    <subfield code="2">RML 06</subfield>
  </datafield>
  <datafield tag="899" ind1=" " ind2=" ">
    <subfield code="a">Biblioteca dell&apos;Accademia nazionale dei Lincei e Corsiniana. Roma</subfield>
    <subfield code="1">RM0418</subfield>
    <subfield code="2">RML 10</subfield>
  </datafield>
  <datafield tag="899" ind1=" " ind2=" ">
    <subfield code="a">Biblioteca comunale degli Intronati. Siena</subfield>
    <subfield code="1">SI0046</subfield>
    <subfield code="2">RT1 QI</subfield>
  </datafield>
  <datafield tag="899" ind1=" " ind2=" ">
    <subfield code="a">British Library. London</subfield>
    <subfield code="1">UK0001</subfield>
  </datafield>
  <datafield tag="899" ind1=" " ind2=" ">
    <subfield code="a">Biblioteca Armocida. Ispra</subfield>
    <subfield code="1">VA0074</subfield>
    <subfield code="2">ZVA 08</subfield>
  </datafield>
  <datafield tag="899" ind1=" " ind2=" ">
    <subfield code="a">Biblioteca nazionale Marciana. Venezia</subfield>
    <subfield code="1">VE0049</subfield>
    <subfield code="2">VEA BM</subfield>
  </datafield>
  <datafield tag="899" ind1=" " ind2=" ">
    <subfield code="a">Biblioteca del Seminario vescovile. Vicenza</subfield>
    <subfield code="1">VI0101</subfield>
    <subfield code="2">PBE D1</subfield>
  </datafield>
  <datafield tag="911" ind1=" " ind2=" ">
    <subfield code="a">in fine.</subfield>
    <subfield code="9">IT\ICCU\CNCM\000329</subfield>
  </datafield>
  <datafield tag="921" ind1=" " ind2=" ">
    <subfield code="a">IT\ICCU\CNCM\000329</subfield>
    <subfield code="b">Grifone che regge con l&apos;artiglio una pietra alla quale  ̈incatenato un globo alato. In cornice figurata</subfield>
    <subfield code="c">A33</subfield>
    <subfield code="c">V101</subfield>
    <subfield code="c">Z700</subfield>
    <subfield code="d">Dimensioni: 6 x 8</subfield>
    <subfield code="f">GRIFONE</subfield>
    <subfield code="f">PIETRA</subfield>
    <subfield code="f">GLOBO</subfield>
    <subfield code="g">1558-1600</subfield>
  </datafield>
</record>
</collection>
